<?xml version="1.0" encoding="UTF-8"?>
<SOAP-ENV:Envelope xmlns:SOAP-ENV="http://schemas.xmlsoap.org/soap/envelope/" xmlns:ns1="http://oss.dbc.dk/ns/openformat" xmlns:os="http://oss.dbc.dk/ns/opensearch" xmlns:dc="http://purl.org/dc/elements/1.1/" xmlns:dkabm="http://biblstandard.dk/abm/namespace/dkabm/" xmlns:ISO639-2="http://lcweb.loc.gov/standards/iso639-2/" xmlns:dcmitype="http://purl.org/dc/dcmitype/" xmlns:dcterms="http://purl.org/dc/terms/" xmlns:ac="http://biblstandard.dk/ac/namespace/" xmlns:dkdcplus="http://biblstandard.dk/abm/namespace/dkdcplus/" xmlns:oss="http://oss.dbc.dk/ns/osstypes" xmlns:marcx="info:lc/xmlns/marcxchange-v1" xmlns:xsi="http://www.w3.org/2001/XMLSchema-instance" xmlns:foxml="info:fedora/fedora-system:def/foxml#" xsi:schemaLocation="info:fedora/fedora-system:def/foxml# http://www.fedora.info/definitions/1/0/foxml1-1.xsd">
  <SOAP-ENV:Body>
    <ns1:formatRequest>
      <ns1:originalData>
<oclcRecords><oclcRecord><foxml:digitalObject VERSION="1.1" PID="870970-basis:28663412">
<foxml:objectProperties>
<foxml:property NAME="info:fedora/fedora-system:def/model#state" VALUE="Active"/>
<foxml:property NAME="info:fedora/fedora-system:def/model#label" VALUE=""/>
<foxml:property NAME="info:fedora/fedora-system:def/model#ownerId" VALUE=""/>
<foxml:property NAME="info:fedora/fedora-system:def/model#createdDate" VALUE="2013-05-16T11:59:51.646Z"/>
<foxml:property NAME="info:fedora/fedora-system:def/view#lastModifiedDate" VALUE="2013-05-16T12:09:17.290Z"/>
</foxml:objectProperties>
<foxml:datastream ID="AUDIT" STATE="A" CONTROL_GROUP="X" VERSIONABLE="false">
<foxml:datastreamVersion ID="AUDIT.0" LABEL="Audit Trail for this object" CREATED="2013-05-16T11:59:51.646Z" MIMETYPE="text/xml" FORMAT_URI="info:fedora/fedora-system:format/xml.fedora.audit">
<foxml:xmlContent>
<audit:auditTrail xmlns:audit="info:fedora/fedora-system:def/audit#">
<audit:record ID="AUDREC1">
<audit:process type="Fedora API-M"/>
<audit:action>modifyDatastreamByValue</audit:action>
<audit:componentID>RELS-SYS</audit:componentID>
<audit:responsibility>fedoraAdmin</audit:responsibility>
<audit:date>2013-05-16T11:59:51.711Z</audit:date>
<audit:justification></audit:justification>
</audit:record>
<audit:record ID="AUDREC2">
<audit:process type="Fedora API-M"/>
<audit:action>modifyDatastreamByValue</audit:action>
<audit:componentID>DC</audit:componentID>
<audit:responsibility>fedoraAdmin</audit:responsibility>
<audit:date>2013-05-16T12:09:14.569Z</audit:date>
<audit:justification></audit:justification>
</audit:record>
<audit:record ID="AUDREC3">
<audit:process type="Fedora API-M"/>
<audit:action>modifyDatastreamByValue</audit:action>
<audit:componentID>DC</audit:componentID>
<audit:responsibility>fedoraAdmin</audit:responsibility>
<audit:date>2013-05-16T12:09:17.290Z</audit:date>
<audit:justification></audit:justification>
</audit:record>
</audit:auditTrail>
</foxml:xmlContent>
</foxml:datastreamVersion>
</foxml:datastream>
<foxml:datastream ID="commonData" STATE="A" CONTROL_GROUP="X" VERSIONABLE="false">
<foxml:datastreamVersion ID="commonData.0" LABEL="" CREATED="2013-05-16T11:59:51.654Z" MIMETYPE="text/xml" SIZE="14214">
<foxml:xmlContent>
<ting:container xmlns:ac="http://biblstandard.dk/ac/namespace/" xmlns:dc="http://purl.org/dc/elements/1.1/" xmlns:dcterms="http://purl.org/dc/terms/" xmlns:dkabm="http://biblstandard.dk/abm/namespace/dkabm/" xmlns:dkdcplus="http://biblstandard.dk/abm/namespace/dkdcplus/" xmlns:docbook="http://docbook.org/ns/docbook" xmlns:oss="http://oss.dbc.dk/ns/osstypes" xmlns:ting="http://www.dbc.dk/ting" xmlns:xsi="http://www.w3.org/2001/XMLSchema-instance"><dkabm:record><ac:identifier>28663412|870970</ac:identifier><ac:source>Bibliotekskatalog</ac:source><dc:title>Out of Africa</dc:title><dc:title xsi:type="dkdcplus:full">Out of Africa</dc:title><dc:title xsi:type="dkdcplus:series">Universal 100. anniversary collector&apos;s series</dc:title><dcterms:alternative>Isak Dinesen</dcterms:alternative><dcterms:alternative>Silence will speak</dcterms:alternative><dc:subject xsi:type="dkdcplus:DK5">77.7</dc:subject><dc:subject xsi:type="dkdcplus:DBCS">Karen Blixen</dc:subject><dc:subject xsi:type="oss:sort">Blixen, Karen</dc:subject><dc:subject xsi:type="dkdcplus:DK5-Text">Spillefilm</dc:subject><dc:subject xsi:type="dkdcplus:DBCS">biografiske film</dc:subject><dc:subject xsi:type="dkdcplus:genre">biografiske film</dc:subject><dc:subject xsi:type="dkdcplus:DBCS">kærlighed</dc:subject><dc:subject xsi:type="dkdcplus:genre">kærlighed</dc:subject><dcterms:abstract>Om Karen Blixens liv på kaffefarmen i Kenya fra 1913-1931 med hovedvægten på hendes forhold til Dennis Finch Hatton</dcterms:abstract><dc:description>Originalfilmen: USA : Universal, 1985</dc:description><dc:description>Af indholdet: Extras</dc:description><dcterms:audience xsi:type="dkdcplus:medieraad">Mærkning: Tilladt for børn over 11 år</dcterms:audience><dcterms:audience xsi:type="dkdcplus:age">Fra 14 år</dcterms:audience><dcterms:audience>børnematerialer</dcterms:audience><dcterms:audience>voksenmaterialer</dcterms:audience><dc:publisher>Universal Pictures Nordic</dc:publisher><dc:contributor>David Watkin (f. 1925)</dc:contributor><dc:contributor>Karen Blixen</dc:contributor><dc:contributor>Kurt Luedtke</dc:contributor><dc:contributor>Sydney Pollack</dc:contributor><dc:contributor>Judith Thurman</dc:contributor><dc:contributor>Errol Trzebinski</dc:contributor><dc:contributor xsi:type="dkdcplus:act">Robert Redford</dc:contributor><dc:contributor xsi:type="dkdcplus:act">Meryl Streep</dc:contributor><dc:contributor xsi:type="dkdcplus:act">Klaus Maria Brandauer</dc:contributor><dc:date>2010</dc:date><dc:type xsi:type="dkdcplus:BibDK-Type">Blu-ray</dc:type><dc:format>1 blu-ray disc, blu-ray</dc:format><dcterms:extent>ca. 2 t., 41 min.</dcterms:extent><dc:language xsi:type="dcterms:ISO639-2">mul</dc:language><dc:language>Flere sprog</dc:language><dc:language xsi:type="dkdcplus:spoken">eng</dc:language><dc:language xsi:type="dkdcplus:spoken">jpn</dc:language><dc:language xsi:type="dkdcplus:spoken">fre</dc:language><dc:language xsi:type="dkdcplus:spoken">ita</dc:language><dc:language xsi:type="dkdcplus:spoken">ger</dc:language><dc:language xsi:type="dkdcplus:spoken">spa</dc:language><dc:language xsi:type="dkdcplus:subtitles">jpn</dc:language><dc:language xsi:type="dkdcplus:subtitles">eng</dc:language><dc:language xsi:type="dkdcplus:subtitles">fre</dc:language><dc:language xsi:type="dkdcplus:subtitles">ita</dc:language><dc:language xsi:type="dkdcplus:subtitles">ger</dc:language><dc:language xsi:type="dkdcplus:subtitles">spa</dc:language><dc:language xsi:type="dkdcplus:subtitles">dut</dc:language><dc:language xsi:type="dkdcplus:subtitles">chi</dc:language><dc:language xsi:type="dkdcplus:subtitles">dan</dc:language><dc:language xsi:type="dkdcplus:subtitles">fin</dc:language><dc:language xsi:type="dkdcplus:subtitles">gre</dc:language><dc:language xsi:type="dkdcplus:subtitles">kor</dc:language><dc:language xsi:type="dkdcplus:subtitles">nor</dc:language><dc:language xsi:type="dkdcplus:subtitles">por</dc:language><dc:language xsi:type="dkdcplus:subtitles">swe</dc:language><dcterms:spatial xsi:type="dkdcplus:DBCS">Kenya</dcterms:spatial><dcterms:spatial xsi:type="dkdcplus:DBCS">Afrika</dcterms:spatial><dcterms:temporal xsi:type="dkdcplus:DBCP">1910-1919</dcterms:temporal><dcterms:temporal xsi:type="dkdcplus:DBCP">1920-1929</dcterms:temporal></dkabm:record><marcx:collection xmlns:marcx="info:lc/xmlns/marcxchange-v1"><marcx:record format="danMARC2" type="Bibliographic"><marcx:leader>00000n    2200000   4500</marcx:leader><marcx:datafield ind1="0" ind2="0" tag="001"><marcx:subfield code="a">28663412</marcx:subfield><marcx:subfield code="b">870970</marcx:subfield><marcx:subfield code="c">20121008180116</marcx:subfield><marcx:subfield code="d">20110221</marcx:subfield><marcx:subfield code="f">a</marcx:subfield></marcx:datafield><marcx:datafield ind1="0" ind2="0" tag="002"><marcx:subfield code="a">29569584</marcx:subfield></marcx:datafield><marcx:datafield ind1="0" ind2="0" tag="004"><marcx:subfield code="r">n</marcx:subfield><marcx:subfield code="a">e</marcx:subfield></marcx:datafield><marcx:datafield ind1="0" ind2="0" tag="006"><marcx:subfield code="d">11</marcx:subfield><marcx:subfield code="2">b</marcx:subfield></marcx:datafield><marcx:datafield ind1="0" ind2="0" tag="006"><marcx:subfield code="e">14</marcx:subfield><marcx:subfield code="2">d</marcx:subfield></marcx:datafield><marcx:datafield ind1="0" ind2="0" tag="008"><marcx:subfield code="t">m</marcx:subfield><marcx:subfield code="u">r</marcx:subfield><marcx:subfield code="a">2010</marcx:subfield><marcx:subfield code="z">2012</marcx:subfield><marcx:subfield code="b">se</marcx:subfield><marcx:subfield code="l">mul</marcx:subfield><marcx:subfield code="v">0</marcx:subfield></marcx:datafield><marcx:datafield ind1="0" ind2="0" tag="009"><marcx:subfield code="a">m</marcx:subfield><marcx:subfield code="g">th</marcx:subfield></marcx:datafield><marcx:datafield ind1="0" ind2="0" tag="021"><marcx:subfield code="b">Brugsretskategori: C+</marcx:subfield></marcx:datafield><marcx:datafield ind1="0" ind2="0" tag="023"><marcx:subfield code="a">5050582777390</marcx:subfield></marcx:datafield><marcx:datafield ind1="0" ind2="0" tag="023"><marcx:subfield code="b">5050582891867</marcx:subfield></marcx:datafield><marcx:datafield ind1="0" ind2="0" tag="032"><marcx:subfield code="x">ACC201108</marcx:subfield><marcx:subfield code="a">DBI201241</marcx:subfield><marcx:subfield code="x">BKM201241</marcx:subfield><marcx:subfield code="x">DAT201241</marcx:subfield></marcx:datafield><marcx:datafield ind1="0" ind2="0" tag="041"><marcx:subfield code="p">eng</marcx:subfield><marcx:subfield code="p">jpn</marcx:subfield><marcx:subfield code="p">fre</marcx:subfield><marcx:subfield code="p">ita</marcx:subfield><marcx:subfield code="p">ger</marcx:subfield><marcx:subfield code="p">spa</marcx:subfield><marcx:subfield code="u">jpn</marcx:subfield><marcx:subfield code="u">eng</marcx:subfield><marcx:subfield code="u">fre</marcx:subfield><marcx:subfield code="u">ita</marcx:subfield><marcx:subfield code="u">ger</marcx:subfield><marcx:subfield code="u">spa</marcx:subfield><marcx:subfield code="u">dut</marcx:subfield><marcx:subfield code="u">chi</marcx:subfield><marcx:subfield code="u">dan</marcx:subfield><marcx:subfield code="u">fin</marcx:subfield><marcx:subfield code="u">gre</marcx:subfield><marcx:subfield code="u">kor</marcx:subfield><marcx:subfield code="u">nor</marcx:subfield><marcx:subfield code="u">por</marcx:subfield><marcx:subfield code="u">swe</marcx:subfield></marcx:datafield><marcx:datafield ind1="0" ind2="0" tag="245"><marcx:subfield code="a">Out of Africa</marcx:subfield><marcx:subfield code="e">director of photography David Watkin</marcx:subfield><marcx:subfield code="e">based upon the following &quot;Out of Africa&quot; and other writings by Isak Dinesen, Isak Dinesen the life of a storyteller by Judith Thurman, &quot;Silence will speak&quot; by Errol Trzebinski</marcx:subfield><marcx:subfield code="e">screenplay by Kurt Luedtke</marcx:subfield><marcx:subfield code="f">produced and directed by Sydney Pollack</marcx:subfield></marcx:datafield><marcx:datafield ind1="0" ind2="0" tag="260"><marcx:subfield code="a">[Solna]</marcx:subfield><marcx:subfield code="b">Universal Pictures Nordic</marcx:subfield><marcx:subfield code="c">2010</marcx:subfield></marcx:datafield><marcx:datafield ind1="0" ind2="0" tag="300"><marcx:subfield code="n">1 blu-ray disc</marcx:subfield><marcx:subfield code="e">blu-ray</marcx:subfield><marcx:subfield code="l">ca. 2 t., 41 min.</marcx:subfield></marcx:datafield><marcx:datafield ind1="0" ind2="0" tag="504"><marcx:subfield code="&amp;">1</marcx:subfield><marcx:subfield code="a">Om Karen Blixens liv på kaffefarmen i Kenya fra 1913-1931 med hovedvægten på hendes forhold til Dennis Finch Hatton</marcx:subfield></marcx:datafield><marcx:datafield ind1="0" ind2="0" tag="508"><marcx:subfield code="a">Engelsk tale, samt synkronisering på japansk, fransk, italiensk, tysk og spansk</marcx:subfield></marcx:datafield><marcx:datafield ind1="0" ind2="0" tag="508"><marcx:subfield code="a">Undertekster på japansk, fransk, italiensk, tysk, spansk, hollandsk, kinesisk, dansk, finsk, græsk, koreansk, norsk, portugisisk og svensk</marcx:subfield></marcx:datafield><marcx:datafield ind1="0" ind2="0" tag="508"><marcx:subfield code="a">Tekstet for hørehæmmede på engelsk</marcx:subfield></marcx:datafield><marcx:datafield ind1="0" ind2="0" tag="512"><marcx:subfield code="i">Medvirkende</marcx:subfield><marcx:subfield code="e">Robert Redford, Meryl Streep, Klaus Maria Brandauer ... et al.</marcx:subfield></marcx:datafield><marcx:datafield ind1="0" ind2="0" tag="512"><marcx:subfield code="a">Originalfilmen: USA : Universal, 1985</marcx:subfield></marcx:datafield><marcx:datafield ind1="0" ind2="0" tag="517"><marcx:subfield code="&amp;">1</marcx:subfield><marcx:subfield code="a">Mærkning: Tilladt for børn over 11 år</marcx:subfield></marcx:datafield><marcx:datafield ind1="0" ind2="0" tag="517"><marcx:subfield code="&amp;">1</marcx:subfield><marcx:subfield code="a">Fra 14 år</marcx:subfield></marcx:datafield><marcx:datafield ind1="0" ind2="0" tag="520"><marcx:subfield code="a">Også med seriebetegnelse &quot;Universal 100. anniversary collector&apos;s series&quot;</marcx:subfield></marcx:datafield><marcx:datafield ind1="0" ind2="0" tag="521"><marcx:subfield code="b">[Genudsendt]</marcx:subfield><marcx:subfield code="c">2012</marcx:subfield></marcx:datafield><marcx:datafield ind1="0" ind2="0" tag="534"><marcx:subfield code="&amp;">1</marcx:subfield><marcx:subfield code="a">Af indholdet: Extras</marcx:subfield></marcx:datafield><marcx:datafield ind1="0" ind2="0" tag="538"><marcx:subfield code="a">NORDIC 8277739</marcx:subfield></marcx:datafield><marcx:datafield ind1="0" ind2="0" tag="600"><marcx:subfield code="a">Blixen</marcx:subfield><marcx:subfield code="h">Karen</marcx:subfield><marcx:subfield code="1"></marcx:subfield></marcx:datafield><marcx:datafield ind1="0" ind2="0" tag="652"><marcx:subfield code="m">77.7</marcx:subfield></marcx:datafield><marcx:datafield ind1="0" ind2="0" tag="666"><marcx:subfield code="0"></marcx:subfield><marcx:subfield code="s">biografiske film</marcx:subfield></marcx:datafield><marcx:datafield ind1="0" ind2="0" tag="666"><marcx:subfield code="0"></marcx:subfield><marcx:subfield code="s">kærlighed</marcx:subfield></marcx:datafield><marcx:datafield ind1="0" ind2="0" tag="666"><marcx:subfield code="0"></marcx:subfield><marcx:subfield code="q">Kenya</marcx:subfield></marcx:datafield><marcx:datafield ind1="0" ind2="0" tag="666"><marcx:subfield code="0"></marcx:subfield><marcx:subfield code="q">Afrika</marcx:subfield></marcx:datafield><marcx:datafield ind1="0" ind2="0" tag="666"><marcx:subfield code="0"></marcx:subfield><marcx:subfield code="i">1910-1919</marcx:subfield></marcx:datafield><marcx:datafield ind1="0" ind2="0" tag="666"><marcx:subfield code="0"></marcx:subfield><marcx:subfield code="i">1920-1929</marcx:subfield></marcx:datafield><marcx:datafield ind1="0" ind2="0" tag="700"><marcx:subfield code="a">Watkin</marcx:subfield><marcx:subfield code="h">David</marcx:subfield><marcx:subfield code="c">f. 1925</marcx:subfield></marcx:datafield><marcx:datafield ind1="0" ind2="0" tag="700"><marcx:subfield code="å">2</marcx:subfield><marcx:subfield code="a">Blixen</marcx:subfield><marcx:subfield code="h">Karen</marcx:subfield></marcx:datafield><marcx:datafield ind1="0" ind2="0" tag="700"><marcx:subfield code="a">Luedtke</marcx:subfield><marcx:subfield code="h">Kurt</marcx:subfield></marcx:datafield><marcx:datafield ind1="0" ind2="0" tag="700"><marcx:subfield code="a">Pollack</marcx:subfield><marcx:subfield code="h">Sydney</marcx:subfield></marcx:datafield><marcx:datafield ind1="0" ind2="0" tag="700"><marcx:subfield code="a">Thurman</marcx:subfield><marcx:subfield code="h">Judith</marcx:subfield></marcx:datafield><marcx:datafield ind1="0" ind2="0" tag="700"><marcx:subfield code="a">Trzebinski</marcx:subfield><marcx:subfield code="h">Errol</marcx:subfield></marcx:datafield><marcx:datafield ind1="0" ind2="0" tag="745"><marcx:subfield code="a">Isak Dinesen</marcx:subfield></marcx:datafield><marcx:datafield ind1="0" ind2="0" tag="745"><marcx:subfield code="a">Silence will speak</marcx:subfield></marcx:datafield><marcx:datafield ind1="0" ind2="0" tag="840"><marcx:subfield code="a">Universal 100. anniversary collector&apos;s series</marcx:subfield></marcx:datafield><marcx:datafield ind1="0" ind2="0" tag="900"><marcx:subfield code="a">Dinesen</marcx:subfield><marcx:subfield code="h">Isak</marcx:subfield><marcx:subfield code="z">700/2</marcx:subfield></marcx:datafield><marcx:datafield ind1="0" ind2="0" tag="990"><marcx:subfield code="o">201241</marcx:subfield><marcx:subfield code="b">v</marcx:subfield><marcx:subfield code="u">op</marcx:subfield></marcx:datafield><marcx:datafield ind1="0" ind2="0" tag="996"><marcx:subfield code="a">DBC</marcx:subfield></marcx:datafield></marcx:record></marcx:collection><adminData><creationDate>2011-02-21</creationDate><libraryType>none</libraryType><indexingAlias>danmarcxchange</indexingAlias><accessType>physical</accessType><genre>fiktion</genre><collectionIdentifier>870970-basis</collectionIdentifier></adminData></ting:container>
</foxml:xmlContent>
</foxml:datastreamVersion>
</foxml:datastream>
<foxml:datastream ID="localData.870970-basis" STATE="A" CONTROL_GROUP="X" VERSIONABLE="false">
<foxml:datastreamVersion ID="localData.870970-basis.0" LABEL="" CREATED="2013-05-16T11:59:51.654Z" MIMETYPE="text/xml" SIZE="1438">
<foxml:xmlContent>
<ting:localData xmlns:ting="http://www.dbc.dk/ting"><marcx:record xmlns:marcx="info:lc/xmlns/marcxchange-v1" format="danMARC2" type="BibliographicLocal"><marcx:datafield ind1="0" ind2="0" tag="d08"><marcx:subfield code="o">wnn</marcx:subfield><marcx:subfield code="o">kpn</marcx:subfield><marcx:subfield code="k">amh</marcx:subfield><marcx:subfield code="o">ea</marcx:subfield><marcx:subfield code="a">700+745 vedr. forlæg tilf. ved nyt opl. i 2012</marcx:subfield><marcx:subfield code="k">amh</marcx:subfield></marcx:datafield><marcx:datafield ind1="0" ind2="0" tag="d08"><marcx:subfield code="o">002/okt12, ljl</marcx:subfield></marcx:datafield><marcx:datafield ind1="0" ind2="0" tag="d90"><marcx:subfield code="o">201113</marcx:subfield><marcx:subfield code="b">v</marcx:subfield><marcx:subfield code="u">nt</marcx:subfield></marcx:datafield><marcx:datafield ind1="0" ind2="0" tag="f06"><marcx:subfield code="b">v</marcx:subfield></marcx:datafield><marcx:datafield ind1="0" ind2="0" tag="n51"><marcx:subfield code="a">20121008</marcx:subfield></marcx:datafield><marcx:datafield ind1="0" ind2="0" tag="n55"><marcx:subfield code="a">20110221</marcx:subfield></marcx:datafield><marcx:datafield ind1="0" ind2="0" tag="s12"><marcx:subfield code="t">TeamBMV201239</marcx:subfield></marcx:datafield><marcx:datafield ind1="0" ind2="0" tag="z99"><marcx:subfield code="a">ljl</marcx:subfield></marcx:datafield></marcx:record></ting:localData>
</foxml:xmlContent>
</foxml:datastreamVersion>
</foxml:datastream>
<foxml:datastream ID="RELS-SYS" STATE="A" CONTROL_GROUP="X" VERSIONABLE="false">
<foxml:datastreamVersion ID="RELS-SYS.1" LABEL="" CREATED="2013-05-16T11:59:51.711Z" MIMETYPE="application/rdf+xml" SIZE="317">
<foxml:xmlContent>
<rdf:RDF xmlns:rdf="http://www.w3.org/1999/02/22-rdf-syntax-ns#">
  <rdf:Description rdf:about="info:fedora/870970-basis:28663412">
    <isMemberOfUnit xmlns="info:fedora/">unit:33112</isMemberOfUnit>
    <isPrimaryBibObjectFor xmlns="info:fedora/">unit:33112</isPrimaryBibObjectFor>
  </rdf:Description>
</rdf:RDF>
</foxml:xmlContent>
</foxml:datastreamVersion>
</foxml:datastream>
<foxml:datastream ID="DC" STATE="A" CONTROL_GROUP="X" VERSIONABLE="false">
<foxml:datastreamVersion ID="DC.2" LABEL="" CREATED="2013-05-16T12:09:17.290Z" MIMETYPE="text/xml" SIZE="1813">
<foxml:xmlContent>
<oai_dc:dc xmlns:dc="http://purl.org/dc/elements/1.1/" xmlns:oai_dc="http://www.openarchives.org/OAI/2.0/oai_dc/" xmlns:xsi="http://www.w3.org/2001/XMLSchema-instance" xsi:schemaLocation="http://www.openarchives.org/OAI/2.0/oai_dc/ http://www.openarchives.org/OAI/2.0/oai_dc.xsd">
  <dc:title>out of africa</dc:title>
  <dc:title>MATCH:out of</dc:title>
  <dc:subject>karen blixen</dc:subject>
  <dc:subject>blixen karen</dc:subject>
  <dc:subject>biografiske film</dc:subject>
  <dc:subject>kærlighed</dc:subject>
  <dc:subject>Kenya</dc:subject>
  <dc:subject>Afrika</dc:subject>
  <dc:subject>1910-1919</dc:subject>
  <dc:subject>1920-1929</dc:subject>
  <dc:publisher>universal pictures nordic</dc:publisher>
  <dc:publisher>MATCHSTRING:univers</dc:publisher>
  <dc:contributor>MATCHSTRING:Watkind</dc:contributor>
  <dc:contributor>MATCHSTRING:Blixenk</dc:contributor>
  <dc:contributor>MATCHSTRING:Luedtkek</dc:contributor>
  <dc:contributor>MATCHSTRING:Pollacks</dc:contributor>
  <dc:contributor>MATCHSTRING:Thurmanj</dc:contributor>
  <dc:contributor>MATCHSTRING:Trzebinskie</dc:contributor>
  <dc:contributor>david watkin f. 1925</dc:contributor>
  <dc:contributor>karen blixen</dc:contributor>
  <dc:contributor>kurt luedtke</dc:contributor>
  <dc:contributor>sydney pollack</dc:contributor>
  <dc:contributor>judith thurman</dc:contributor>
  <dc:contributor>errol trzebinski</dc:contributor>
  <dc:contributor>robert redford</dc:contributor>
  <dc:contributor>meryl streep</dc:contributor>
  <dc:contributor>klaus maria brandauer</dc:contributor>
  <dc:date>2010</dc:date>
  <dc:type>Blu-ray</dc:type>
  <dc:type>WORK:movie</dc:type>
  <dc:identifier>870970-basis:28663412</dc:identifier>
  <dc:identifier>NUMBER:NORDIC 8277739</dc:identifier>
  <dc:language>Flere sprog</dc:language>
</oai_dc:dc>
</foxml:xmlContent>
</foxml:datastreamVersion>
</foxml:datastream>
</foxml:digitalObject><ocn></ocn><holdingsServiceResponse><response>
<timestamp>2013-05-30 10:34:29.708</timestamp>
<pid>870970-basis:28663412</pid>
<result>
</result>
</response></holdingsServiceResponse></oclcRecord></oclcRecords>

</ns1:originalData>
<ns1:outputFormat>PLACEHOLDER</ns1:outputFormat>
   </ns1:formatRequest>
 </SOAP-ENV:Body>
</SOAP-ENV:Envelope>
